@ARTICLE{aust1995philips,
  author = {Aust, H. and Oerder, M. and Seide, F. and Steinbiss, V.},
  title = {The Philips automatic train timetable information system},
  journal = {Speech Communication},
  year = {1995},
  volume = {17},
  pages = {249--262},
  number = {3-4},
  owner = {gdd},
  publisher = {Elsevier},
  timestamp = {2012.02.20}
}


@book{snyder2011activemq,
  title={ActiveMQ in action},
  author={Snyder, B. and Bosnanac, D. and Davies, R.},
  year={2011},
  publisher={Manning}
}


@conference{FLOREK51,
  title={{Sur la liaison et la division des points d'un ensemble fini}},
  author={Florek, K. and Lukaszewicz, J. and Perkal, J. and Steinhaus, H. and Zubrzycki, S.},
  booktitle={Colloquium Mathematicum},
  volume={2},
  pages={282--285},
  year={1951}
}

@misc{fuller2011,
 author               = {V. Fuller and D. Farinacci and D. Meyer and D. Lewis},
 month                = {June},
 organization         = {Internet Engineering Task Force},
 publisher            = {IETF},
 series               = {Request for Comments},
 title                = {LISP Alternative Topology (LISP+ALT)},
 howpublished         = {\url{http://tools.ietf.org/html/draft-ietf-lisp-alt-07}},
 year                 = {2011},
 }